@inproceedings{xiong2014gaze,
  title={Gaze Estimation Based on 3D Face Structure and Pupil Centers},
  author={Xiong, Chunshui and Huang, Lei and Liu, Changping},
  booktitle={Pattern Recognition (ICPR), 2014 22nd International Conference on},
  pages={1156--1161},
  year={2014},
  organization={IEEE}
}

@MANUAL{MIL-STD-1472G,
	title = {MIL-STD-1472G Design Criteria Standard: Human Engineering},
	organization = {Department of Defence, USA},
	month = {January},
	year = {2012}
}

@inproceedings{swirski2014rendering,
  title={Rendering synthetic ground truth images for eye tracker evaluation},
  author={{\'S}wirski, Lech and Dodgson, Neil},
  booktitle={Proceedings of the Symposium on Eye Tracking Research and Applications},
  pages={219--222},
  year={2014},
  organization={ACM}
}

@inproceedings{stratou2011effect,
  title={Effect of illumination on automatic expression recognition: a novel 3D relightable facial database},
  author={Stratou, Giota and Ghosh, Abhijeet and Debevec, Paul and Morency, L},
  booktitle={Automatic Face \& Gesture Recognition and Workshops (FG 2011), 2011 IEEE International Conference on},
  pages={611--618},
  year={2011},
  organization={IEEE}
}

@inproceedings{fanelli2011real,
  title={Real time head pose estimation with random regression forests},
  author={Fanelli, Gabriele and Gall, Juergen and Van Gool, Luc},
  booktitle={Computer Vision and Pattern Recognition (CVPR), 2011 IEEE Conference on},
  pages={617--624},
  year={2011},
  organization={IEEE}
}